<record><leader>00000cas a2200000 a 4500</leader><controlfield tag="001">11191316</controlfield><controlfield tag="008">840924d1854185unyuwr ne      0    0eng c</controlfield><datafield ind1=" " ind2=" " tag="010"><subfield code="a">sn 84031718 </subfield></datafield><datafield ind1=" " ind2=" " tag="040"><subfield code="a">NYG</subfield><subfield code="b">eng</subfield><subfield code="c">NYG</subfield><subfield code="d">NPX</subfield><subfield code="d">NYS</subfield><subfield code="d">OCL</subfield><subfield code="d">NYS</subfield><subfield code="d">OCLCQ</subfield><subfield code="d">OCLCF</subfield><subfield code="d">OCLCO</subfield></datafield><datafield ind1="1" ind2=" " tag="029"><subfield code="a">AU@</subfield><subfield code="b">000020232543</subfield></datafield><datafield ind1=" " ind2=" " tag="042"><subfield code="a">pcc</subfield></datafield><datafield ind1=" " ind2=" " tag="043"><subfield code="a">n-us-ny</subfield></datafield><datafield ind1="0" ind2=" " tag="130"><subfield code="a">Albany weekly express (Albany, N.Y. : 1854)</subfield></datafield><datafield ind1="1" ind2="0" tag="245"><subfield code="a">Albany weekly express.</subfield></datafield><datafield ind1="1" ind2="3" tag="246"><subfield code="a">Weekly express</subfield></datafield><datafield ind1=" " ind2=" " tag="260"><subfield code="a">Albany, N.Y. :</subfield><subfield code="b">Munsell &amp; Co.,</subfield><subfield code="c">1854-</subfield></datafield><datafield ind1=" " ind2=" " tag="300"><subfield code="a">v. :</subfield><subfield code="b">ill. ;</subfield><subfield code="c">59 cm.</subfield></datafield><datafield ind1=" " ind2=" " tag="310"><subfield code="a">Weekly</subfield></datafield><datafield ind1="0" ind2=" " tag="362"><subfield code="a">Vol. 4, no. 171 (May 27, 1854)-</subfield></datafield><datafield ind1=" " ind2=" " tag="580"><subfield code="a">Daily edition: Albany morning express (Albany, N.Y. : 1847).</subfield></datafield><datafield ind1=" " ind2="0" tag="651"><subfield code="a">Albany (N.Y.)</subfield><subfield code="v">Newspapers.</subfield></datafield><datafield ind1=" " ind2="7" tag="655"><subfield code="a">Newspapers.</subfield><subfield code="2">fast</subfield><subfield code="0">(OCoLC)fst01423814</subfield></datafield><datafield ind1=" " ind2="7" tag="651"><subfield code="a">New York (State)</subfield><subfield code="z">Albany.</subfield><subfield code="2">fast</subfield><subfield code="0">(OCoLC)fst01225716</subfield></datafield><datafield ind1=" " ind2=" " tag="752"><subfield code="a">United States</subfield><subfield code="b">New York</subfield><subfield code="c">Albany</subfield><subfield code="d">Albany.</subfield></datafield><datafield ind1="1" ind2=" " tag="775"><subfield code="t">Albany morning express (Albany, N.Y. : 1847)</subfield><subfield code="w">(DLC)sn 83030833</subfield><subfield code="w">(OCoLC)9680611</subfield></datafield><datafield ind1="0" ind2="0" tag="780"><subfield code="t">Weekly express (Albany, N.Y.)</subfield><subfield code="w">(DLC)sn 84031719</subfield><subfield code="w">(OCoLC)11191502</subfield></datafield></record>